@article{osorio2019social,
  title={Social media and urban mobility: Using twitter to calculate home-work travel matrices},
  author={Osorio-Arjona, Joaquin and Garcia-Palomares, Juan Carlos},
  journal={Cities},
  volume={89},
  pages={268--280},
  year={2019},
  publisher={Elsevier}
}

@article{pappalardo2021evaluation,
  title={Evaluation of home detection algorithms on mobile phone data using individual-level ground truth},
  author={Pappalardo, Luca and Ferres, Leo and Sacasa, Manuel and Cattuto, Ciro and Bravo, Loreto},
  journal={EPJ data science},
  volume={10},
  number={1},
  pages={29},
  year={2021},
  publisher={Springer Berlin Heidelberg}
}


@article{ahas2010using,
  title={Using mobile positioning data to model locations meaningful to users of mobile phones},
  author={Ahas, Rein and Silm, Siiri and Jarv, Olle and Saluveer, Erki and Tiru, Margus},
  journal={Journal of urban technology},
  volume={17},
  number={1},
  pages={3--27},
  year={2010},
  publisher={Taylor \& Francis}
}



@article{gauvin2020gender,
  title={Gender gaps in urban mobility},
  author={Gauvin, Laetitia and Tizzoni, Michele and Piaggesi, Simone and Young, Andrew and Adler, Natalia and Verhulst, Stefaan and Ferres, Leo and Cattuto, Ciro},
  journal={Humanities and Social Sciences Communications},
  volume={7},
  number={1},
  pages={1--13},
  year={2020},
  publisher={Palgrave}
}


@article{vanhoof2018assessing,
  title={Assessing the quality of home detection from mobile phone data for official statistics},
  author={Vanhoof, Maarten and Reis, Fernando and Ploetz, Thomas and Smoreda, Zbigniew},
  journal={Journal of Official Statistics},
  volume={34},
  number={4},
  pages={935--960},
  year={2018}
}

@inproceedings{bojic2015choosing,
  title={Choosing the right home location definition method for the given dataset},
  author={Bojic, Iva and Massaro, Emanuele and Belyi, Alexander and Sobolevsky, Stanislav and Ratti, Carlo},
  booktitle={Social Informatics: 7th International Conference, SocInfo 2015, Beijing, China, December 9-12, 2015, Proceedings 7},
  pages={194--208},
  year={2015},
  organization={Springer}
}

@inproceedings{mendoza2020automatic,
  title={Automatic estimation of demand matrices for universities through mobile devices},
  author={Mendoza, Ivan and Alvarez, Gustavo and Coello, Mateo and Lopez, Joaquin and Carvallo, Pablo},
  booktitle={2020 IEEE ANDESCON},
  pages={1--6},
  year={2020},
  organization={IEEE}
}

@article{schubert2017dbscan,
  title={DBSCAN revisited, revisited: why and how you should (still) use DBSCAN},
  author={Schubert, Erich and Sander, Jorg and Ester, Martin and Kriegel, Hans Peter and Xu, Xiaowei},
  journal={ACM Transactions on Database Systems (TODS)},
  volume={42},
  number={3},
  pages={1--21},
  year={2017},
  publisher={ACM New York, NY, USA}
}