
@article{osorio-arjona_social_2019,
	title = {Social media and urban mobility: Using twitter to calculate home-work travel matrices},
	volume = {89},
	pages = {268--280},
	journaltitle = {Cities},
	author = {Osorio-Arjona, Joaquin and Garcia-Palomares, Juan Carlos},
	date = {2019},
	note = {Publisher: Elsevier},
}

@article{pappalardo_evaluation_2021,
	title = {Evaluation of home detection algorithms on mobile phone data using individual-level ground truth},
	volume = {10},
	pages = {29},
	number = {1},
	journaltitle = {{EPJ} data science},
	author = {Pappalardo, Luca and Ferres, Leo and Sacasa, Manuel and Cattuto, Ciro and Bravo, Loreto},
	date = {2021},
	note = {Publisher: Springer Berlin Heidelberg},
}

@article{ahas_using_2010,
	title = {Using mobile positioning data to model locations meaningful to users of mobile phones},
	volume = {17},
	pages = {3--27},
	number = {1},
	journaltitle = {Journal of urban technology},
	author = {Ahas, Rein and Silm, Siiri and Jarv, Olle and Saluveer, Erki and Tiru, Margus},
	date = {2010},
	note = {Publisher: Taylor \& Francis},
}

@article{gauvin_gender_2020,
	title = {Gender gaps in urban mobility},
	volume = {7},
	pages = {1--13},
	number = {1},
	journaltitle = {Humanities and Social Sciences Communications},
	author = {Gauvin, Laetitia and Tizzoni, Michele and Piaggesi, Simone and Young, Andrew and Adler, Natalia and Verhulst, Stefaan and Ferres, Leo and Cattuto, Ciro},
	date = {2020},
	note = {Publisher: Palgrave},
}

@article{vanhoof_assessing_2018,
	title = {Assessing the quality of home detection from mobile phone data for official statistics},
	volume = {34},
	pages = {935--960},
	number = {4},
	journaltitle = {Journal of Official Statistics},
	author = {Vanhoof, Maarten and Reis, Fernando and Ploetz, Thomas and Smoreda, Zbigniew},
	date = {2018},
}

@inproceedings{bojic_choosing_2015,
	title = {Choosing the right home location definition method for the given dataset},
	pages = {194--208},
	booktitle = {Social Informatics: 7th International Conference, {SocInfo} 2015, Beijing, China, December 9-12, 2015, Proceedings 7},
	publisher = {Springer},
	author = {Bojic, Iva and Massaro, Emanuele and Belyi, Alexander and Sobolevsky, Stanislav and Ratti, Carlo},
	date = {2015},
}

@inproceedings{mendoza_automatic_2020,
	title = {Automatic estimation of demand matrices for universities through mobile devices},
	pages = {1--6},
	booktitle = {2020 {IEEE} {ANDESCON}},
	publisher = {{IEEE}},
	author = {Mendoza, Ivan and Alvarez, Gustavo and Coello, Mateo and Lopez, Joaquin and Carvallo, Pablo},
	date = {2020},
}

@article{schubert_dbscan_2017,
	title = {{DBSCAN} revisited, revisited: why and how you should (still) use {DBSCAN}},
	volume = {42},
	pages = {1--21},
	number = {3},
	journaltitle = {{ACM} Transactions on Database Systems ({TODS})},
	author = {Schubert, Erich and Sander, Jorg and Ester, Martin and Kriegel, Hans Peter and Xu, Xiaowei},
	date = {2017},
	note = {Publisher: {ACM} New York, {NY}, {USA}},
}
